<record><leader>00000cas a22000007a 4500</leader><controlfield tag="001">12152848</controlfield><controlfield tag="008">850613d18761879wiuwr ne      0    0eng d</controlfield><datafield ind1=" " ind2=" " tag="010"><subfield code="a">sn 85040811 </subfield></datafield><datafield ind1=" " ind2=" " tag="040"><subfield code="a">NPV</subfield><subfield code="b">eng</subfield><subfield code="c">NPV</subfield><subfield code="d">OCLCQ</subfield></datafield><datafield ind1=" " ind2=" " tag="042"><subfield code="a">msc</subfield></datafield><datafield ind1=" " ind2=" " tag="045"><subfield code="a">w7w7</subfield></datafield><datafield ind1=" " ind2=" " tag="052"><subfield code="a">4123</subfield><subfield code="b">C6</subfield></datafield><datafield ind1="0" ind2="0" tag="245"><subfield code="a">Kilbourn City guard.</subfield></datafield><datafield ind1=" " ind2=" " tag="260"><subfield code="a">Kilbourn City [i.e. Wisconsin Dells], Wis. :</subfield><subfield code="b">W. Moran,</subfield><subfield code="c">1876-1879.</subfield></datafield><datafield ind1=" " ind2=" " tag="300"><subfield code="a">3 v.</subfield></datafield><datafield ind1=" " ind2=" " tag="310"><subfield code="a">Weekly</subfield></datafield><datafield ind1="0" ind2=" " tag="362"><subfield code="a">Vol. 1, no. 1 (Nov. 15, 1876)-v. 3, no. 19, (Apr. 30, 1879).</subfield></datafield><datafield ind1=" " ind2=" " tag="500"><subfield code="a">Editors: W. Moran, Nov. 15, 1876-&lt;Jan. 23, 1878&gt;; W. Moran &amp; F.T. Burnham, &lt;March 20&gt;-July 24, 1878; W. Moran, July 31, 1878-April 30, 1879.</subfield></datafield><datafield ind1=" " ind2=" " tag="530"><subfield code="a">Available on microfilm from The State Historical Society of Wisconsin.</subfield></datafield><datafield ind1=" " ind2=" " tag="752"><subfield code="a">United States</subfield><subfield code="b">Wisconsin</subfield><subfield code="d">Columbia</subfield><subfield code="d">Wisconsin Dells.</subfield></datafield><datafield ind1="1" ind2=" " tag="029"><subfield code="a">AU@</subfield><subfield code="b">000025805640</subfield></datafield></record>